<record><leader>00000cas a2200000 a 4500</leader><controlfield tag="001">11173182</controlfield><controlfield tag="008">840919d19uu19uuksuuu ne      0   a0eng d</controlfield><datafield ind1=" " ind2=" " tag="010"><subfield code="a">sn 84029633 </subfield></datafield><datafield ind1=" " ind2=" " tag="040"><subfield code="a">KSH</subfield><subfield code="b">eng</subfield><subfield code="c">KSH</subfield><subfield code="d">NPT</subfield><subfield code="d">OCL</subfield><subfield code="d">CUS</subfield><subfield code="d">OCLCF</subfield><subfield code="d">OCLCO</subfield></datafield><datafield ind1=" " ind2=" " tag="042"><subfield code="a">msc</subfield></datafield><datafield ind1="1" ind2="4" tag="050"><subfield code="a">AN</subfield></datafield><datafield ind1="0" ind2=" " tag="130"><subfield code="a">Harambee (Lawrence, Kan.)</subfield></datafield><datafield ind1="1" ind2="0" tag="245"><subfield code="a">Harambee.</subfield></datafield><datafield ind1=" " ind2=" " tag="260"><subfield code="a">Lawrence, Kan. :</subfield><subfield code="b">K.U. Black Student Union,</subfield></datafield><datafield ind1=" " ind2=" " tag="300"><subfield code="a">v. :</subfield><subfield code="b">ill. ;</subfield><subfield code="c">44 cm.</subfield></datafield><datafield ind1=" " ind2=" " tag="310"><subfield code="a">Unknown</subfield></datafield><datafield ind1="0" ind2=" " tag="362"><subfield code="a">Vol. 1, no. 1-</subfield></datafield><datafield ind1=" " ind2=" " tag="521"><subfield code="a">"Blacks."</subfield></datafield><datafield ind1=" " ind2="0" tag="650"><subfield code="a">African Americans</subfield><subfield code="z">Kansas</subfield><subfield code="z">Lawrence</subfield><subfield code="v">Newspapers.</subfield></datafield><datafield ind1=" " ind2="0" tag="650"><subfield code="a">African American newspapers</subfield><subfield code="z">Kansas</subfield><subfield code="z">Lawrence.</subfield></datafield><datafield ind1=" " ind2="0" tag="651"><subfield code="a">Lawrence (Kan.)</subfield><subfield code="v">Newspapers.</subfield></datafield><datafield ind1=" " ind2="7" tag="655"><subfield code="a">Newspapers.</subfield><subfield code="2">fast</subfield><subfield code="0">(OCoLC)fst01423814</subfield></datafield><datafield ind1=" " ind2="7" tag="650"><subfield code="a">African American newspapers.</subfield><subfield code="2">fast</subfield><subfield code="0">(OCoLC)fst00799278</subfield></datafield><datafield ind1=" " ind2="7" tag="650"><subfield code="a">African Americans.</subfield><subfield code="2">fast</subfield><subfield code="0">(OCoLC)fst00799558</subfield></datafield><datafield ind1=" " ind2="7" tag="651"><subfield code="a">Kansas</subfield><subfield code="z">Lawrence.</subfield><subfield code="2">fast</subfield><subfield code="0">(OCoLC)fst01212060</subfield></datafield><datafield ind1=" " ind2=" " tag="752"><subfield code="a">United States</subfield><subfield code="b">Kansas</subfield><subfield code="c">Douglas</subfield><subfield code="d">Lawrence.</subfield></datafield><datafield ind1="0" ind2="8" tag="776"><subfield code="i">Online version:</subfield><subfield code="t">Harambee (Lawrence, Kan.)</subfield><subfield code="w">(DLC)  2012254015</subfield><subfield code="w">(OCoLC)770747483</subfield></datafield><datafield ind1="0" ind2="0" tag="785"><subfield code="t">For our people</subfield><subfield code="w">(DLC)sn 84029634</subfield></datafield></record>